@article{Andrews2006,
  title={{Optimal noise filtering in the chemotactic response of Escherichia coli}},
  author={Andrews, Burton W. and Yi, Tau-Mu and Iglesias, Pablo A.},
  journal={PLoS Comput Biol},
  volume={2},
  number={11},
  pages={e154},
  year={2006},
  publisher={Public Library of Science}
}

@article{Bowsher2014,
	title={Environmental sensing, information transfer, and cellular decision-making},
	author={Bowsher, Clive G. and Swain, Peter S.},
	journal={Current opinion in biotechnology},
	volume={28},
	pages={149--155},
	year={2014},
	publisher={Elsevier}
}

@inproceedings{Boyd2013,
	title={Area under the precision-recall curve: point estimates and confidence intervals},
	author={Boyd, Kendrick and Eng, Kevin H. and Page, C. David},
	booktitle={Joint European conference on machine learning and knowledge discovery in databases},
	pages={451--466},
	year={2013},
	organization={Springer}
}

@article{Cohn2010a,
	title={{Mean field variational approximation for continuous-time Bayesian networks}},
	author={Cohn, Ido and El-Hay, Tal and Friedman, Nir and Kupferman, Raz},
	journal={The Journal of Machine Learning Research},
	volume={11},
	pages={2745--2783},
	year={2010},
	publisher={JMLR. org}
}

@article{Doucet2009,
	title={A tutorial on particle filtering and smoothing: Fifteen years later},
	author={Doucet, Arnaud and Johansen, Adam M.},
	journal={Handbook of nonlinear filtering},
	volume={12},
	number={656-704},
	pages={3},
	year={2009}
}

@article{Edward2019,
	title={{The optimal control of partially observable Markov processes over the infinite horizon: Discounted costs}},
	author={Sondik, Edward J.},
	journal={Operations research},
	volume={26},
	number={2},
	pages={282--304},
	year={1978},
	publisher={INFORMS}
}

@inproceedings{Foerster2016,
	title={Learning to communicate with deep multi-agent reinforcement learning},
	author={Foerster, Jakob and Assael, Ioannis Alexandros and De Freitas, Nando and Whiteson, Shimon},
	booktitle={Advances in neural information processing systems},
	pages={2137--2145},
	year={2016}
}

@article{Franks2002,
	title={Information flow, opinion polling and collective intelligence in house--hunting social insects},
	author={Franks, Nigel R. and Pratt, Stephen C. and Mallon, Eamonn B. and Britton, Nicholas F. and Sumpter, David J. T.},
	journal={Philosophical Transactions of the Royal Society of London. Series B: Biological Sciences},
	volume={357},
	number={1427},
	pages={1567--1583},
	year={2002},
	publisher={The Royal Society}
}

@article{Gillespie1976,
	title={A general method for numerically simulating the stochastic time evolution of coupled chemical reactions},
	author={Gillespie, Daniel T.},
	journal={Journal of computational physics},
	volume={22},
	number={4},
	pages={403--434},
	year={1976},
	publisher={Elsevier Science}
}

@inproceedings{Godsill2019,
	title={Particle filtering: the first 25 years and beyond},
	author={Godsill, Simon},
	booktitle={IEEE International Conference on Acoustics, Speech and Signal Processing (ICASSP)},
	pages={7760--7764},
	year={2019},
	organization={IEEE}
}

@article{article,
	author = {Huang, Lirong and Paulevé, Loïc and Zechner, Christoph and Unger, Michael and Hansen, Anders and Koeppl, Heinz},
	year = {2016},
	pages = {},
	title = {Supporting Information for Reconstructing dynamic molecular states from single-cell time series},
	doi = {10.6084/M9.FIGSHARE.3796026.V1}
}

@misc{huang_pauleve_zechner_unger_hansen_koeppl_2016, 
 	title={Supporting Information for Reconstructing dynamic molecular states from single-cell time series}, url={https://rs.figshare.com/articles/journal_contribution/Supporting_Information_for_Reconstructing_dynamic_molecular_states_from_single-cell_time_series/3796026/1}, DOI={10.6084/m9.figshare.3796026.v1}, 
 	abstractNote={Details of mathematical derivations and computation for the proposed method.}, 
 	publisher={The Royal Society}, 
 	author={Huang, Lirong and Pauleve, Loic and Zechner, Christoph and Unger, Michael and Hansen, Anders S. and Koeppl, Heinz}, 
 	year={2016}, 
 	month={Aug} 
 }
 
@article{KAELBLING199899,
	title={Planning and acting in partially observable stochastic domains},
	author={Kaelbling, Leslie Pack and Littman, Michael L. and Cassandra, Anthony R.},
	journal={Artificial intelligence},
	volume={101},
	number={1-2},
	pages={99--134},
	year={1998},
	publisher={Elsevier}
}

@inproceedings{nair2003,
	title={{Taming decentralized POMDPs: Towards efficient policy computation for multiagent settings}},
	author={Nair, Ranjit and Tambe, Milind and Yokoo, Makoto and Pynadath, David and Marsella, Stacy},
	booktitle={IJCAI},
	volume={3},
	pages={705--711},
	year={2003}
}

@article{Lewis1979,
	title={{Simulation of nonhomogeneous Poisson processes by thinning}},
	author={Lewis, P. A. W. and Shedler, Gerald S.},
	journal={Naval research logistics quarterly},
	volume={26},
	number={3},
	pages={403--413},
	year={1979},
	publisher={Wiley Online Library}
}

@article{Libby2007,
	title={Noisy information processing through transcriptional regulation},
	author={Libby, Eric and Perkins, Theodore J. and Swain, Peter S.},
	journal={Proceedings of the National Academy of Sciences},
	volume={104},
	number={17},
	pages={7151--7156},
	year={2007},
	publisher={National Acad Sciences}
}

@article{Murphy2000,
	title={{A survey of POMDP solution techniques}},
	author={Murphy, Kevin P.},
	journal={Technical Report, University of California at Berkeley},
	year={2000}
}

@article{Ogaata1981,
	title={{On Lewis' simulation method for point processes}},
	author={Ogata, Yosihiko},
	journal={IEEE transactions on information theory},
	volume={27},
	number={1},
	pages={23--31},
	year={1981},
	publisher={IEEE}
}

@article{Paarporn2018a,
	title={Information sharing for a coordination game in fluctuating environments},
	author={Paarporn, Keith and Eksin, Ceyhun and Weitz, Joshua S.},
	journal={Journal of theoretical biology},
	volume={454},
	pages={376--385},
	year={2018},
	publisher={Elsevier}
}

@article{Perkins2009a,
	title={Strategies for cellular decision-making},
	author={Perkins, Theodore J. and Swain, Peter S.},
	journal={Molecular systems biology},
	volume={5},
	number={1},
	pages={326},
	year={2009},
	publisher={John Wiley \& Sons, Ltd Chichester, UK}
}

@incollection{Rizoiu2017,
	title={Hawkes processes for events in social media},
	author={Rizoiu, Marian-Andrei and Lee, Young and Mishra, Swapnil and Xie, Lexing},
	booktitle={Frontiers of Multimedia Research},
	pages={191--218},
	year={2017}
}

@article{kerekes2008receiver,
	title={Receiver operating characteristic curve confidence intervals and regions},
	author={Kerekes, John},
	journal={IEEE Geoscience and Remote Sensing Letters},
	volume={5},
	number={2},
	pages={251--255},
	year={2008},
	publisher={IEEE}
}

@article{Sawaki1978,
	title={{Optimal control for partially observable Markov decision processes over an infinite horizon}},
	author={Sawaki, Katsushige and Ichikawa, Akira},
	journal={Journal of the Operations Research Society of Japan},
	volume={21},
	number={1},
	pages={1--16},
	year={1978},
	publisher={The Operations Research Society of Japan}
}

@article{Shahrezaei2008,
	title={The stochastic nature of biochemical networks},
	author={Shahrezaei, Vahid and Swain, Peter S.},
	journal={Current opinion in biotechnology},
	volume={19},
	number={4},
	pages={369--374},
	year={2008},
	publisher={Elsevier}
}

@inproceedings{Studer2016,
	title={{Marginalized continuous time Bayesian networks for network reconstruction from incomplete observations}},
	author={Studer, Lukas and Paulev{\'e}, Lo{\"\i}c and Zechner, Christoph and Reumann, Matthias and Mart{\'\i}nez, Mar{\'\i}a Rodr{\'\i}guez and Koeppl, Heinz},
	booktitle={Proceedings of the 30th Conference on ArtificialIntelligence (AAAI 2016)},
	pages={2051--2057},
	year={2016}
}

@book{Sutton2018,
	title={Reinforcement learning: An introduction},
	author={Sutton, Richard S. and Barto, Andrew G.},
	year={2018},
	publisher={MIT press}
}

@inproceedings{Carlo1904,
	title={{Monte Carlo POMDPs}},
	author={Thrun, Sebastian},
	booktitle={Advances in neural information processing systems},
	pages={1064--1070},
	year={2000}
}

@article{waters2005quorum,
	title={Quorum sensing: cell-to-cell communication in bacteria},
	author={Waters, Christopher M. and Bassler, Bonnie L.},
	journal={Annual Review of Cell and Developmental Biology},
	volume={21},
	pages={319--346},
	year={2005},
	publisher={Annual Reviews}
}

@article{White1980,
	title={{Application of Jensen's inequality to adaptive suboptimal design}},
	author={White, C. C. and Harrington, David P.},
	journal={Journal of Optimization Theory and Applications},
	volume={32},
	number={1},
	pages={89--99},
	year={1980},
	publisher={Springer}
}

@inproceedings{Nodelman1995,
	author    = {Uri Nodelman and
	Christian R. Shelton and
	Daphne Koller},
	title     = {{Continuous time Bayesian networks}},
	booktitle = {Proceedings of the 18th Conference in Uncertainty in Artificial
	Intelligence},
	pages     = {378--387},
	year      = {2002},
	url       = {https://dslpitt.org/uai/displayArticleDetails.jsp?mmnu=1\&smnu=2\&article\_id=882\&proceeding\_id=18},
	timestamp = {Wed, 06 May 2015 15:02:56 +0200},
	biburl    = {https://dblp.org/rec/conf/uai/NodelmanSK02.bib},
	bibsource = {dblp computer science bibliography, https://dblp.org}
}

@inproceedings{Nodelman2003,
	author    = {Uri Nodelman and
	Christian R. Shelton and
	Daphne Koller},
	title     = {{Learning continuous time Bayesian networks}},
	booktitle = {Proceedings of the 19th Conference in Uncertainty in Artificial
	Intelligence},
	pages     = {451--458},
	year      = {2003},
	url       = {https://dslpitt.org/uai/displayArticleDetails.jsp?mmnu=1\&smnu=2\&article\_id=961\&proceeding\_id=19},
	timestamp = {Wed, 06 May 2015 15:02:54 +0200},
	biburl    = {https://dblp.org/rec/conf/uai/NodelmanSK03.bib},
	bibsource = {dblp computer science bibliography, https://dblp.org}
}

@article{dubuis2013,
	title={Positional information, in bits},
	author={Dubuis, Julien O and Tka{\v{c}}ik, Ga{\v{s}}per and Wieschaus, Eric F and Gregor, Thomas and Bialek, William},
	journal={Proceedings of the National Academy of Sciences},
	volume={110},
	number={41},
	pages={16301--16308},
	year={2013},
	publisher={National Acad Sciences}
}

@article{tan2013research,
	title={Research advance in swarm robotics},
	author={Tan, Ying and Zheng, Zhong-yang},
	journal={Defence Technology},
	volume={9},
	number={1},
	pages={18--39},
	year={2013},
	publisher={Elsevier}
}
