@article{ferguson1973bayesian,
author = {Thomas S. Ferguson},
 journal = {The Annals of Statistics},
 number = {2},
 pages = {209--230},
 title = {A {B}ayesian Analysis of Some Nonparametric Problems},
 volume = {1},
 year = {1973}
}