Automatically generated by Mendeley Desktop 1.19.4
Any changes to this file will be lost if it is regenerated by Mendeley.

BibTeX export options can be customized via Options -> BibTeX in Mendeley Desktop

@article{Carlton2014,
author = {Carlton, Matthew A. and Devore, Jay L.},
doi = {10.1007/978-1-4939-0395-5_6},
file = {:C$\backslash$:/Users/gizem/Documents/Mendeley Desktop/01.0{\_}pp{\_}i{\_}vi{\_}Frontmatter.pdf:pdf},
isbn = {9780511810633},
pages = {521--596},
title = {{01-Frontmatter}},
year = {2014}
}
@article{Core2019,
author = {Core, Cambridge},
file = {:C$\backslash$:/Users/gizem/Documents/Mendeley Desktop/12.0{\_}pp{\_}234{\_}237{\_}Index.pdf:pdf},
isbn = {9780511810633},
pages = {11--14},
title = {{12-Index}},
year = {2019}
}
@book{Norris2013b,
author = {Norris, J. R. and Norris, J. R.},
booktitle = {Markov Chains},
doi = {10.1017/cbo9780511810633.006},
file = {:C$\backslash$:/Users/gizem/Documents/Mendeley Desktop/08.0{\_}pp{\_}128{\_}169{\_}Further{\_}theory.pdf:pdf},
isbn = {9780511810633},
pages = {128--169},
title = {{08-Further theory}},
year = {2013}
}
@book{Norris2013a,
author = {Norris, J. R. and Norris, J. R.},
booktitle = {Markov Chains},
doi = {10.1017/cbo9780511810633.004},
file = {:C$\backslash$:/Users/gizem/Documents/Mendeley Desktop/06.0{\_}pp{\_}60{\_}107{\_}Continuous-time{\_}Markov{\_}chains{\_}I.pdf:pdf},
isbn = {9780511810633},
pages = {60--107},
title = {{06-Continuous-time Markov chains I}},
year = {2013}
}
@article{Core,
author = {Core, Cambridge},
file = {:C$\backslash$:/Users/gizem/Documents/Mendeley Desktop/04.0{\_}pp{\_}xiii{\_}xvi{\_}Introduction.pdf:pdf},
isbn = {9780511810633},
pages = {2--5},
title = {{04-Introduction}}
}
@article{Norris2013c,
author = {Norris, J. R. and Norris, J. R.},
doi = {10.1017/cbo9780511810633.008},
file = {:C$\backslash$:/Users/gizem/Documents/Mendeley Desktop/10.0{\_}pp{\_}217{\_}231{\_}Appendix{\_}probability{\_}and{\_}measure.pdf:pdf},
isbn = {9780511810633},
journal = {Markov Chains},
pages = {217--231},
title = {{10-Appendix: probability and measure}},
year = {2013}
}
@article{Norris2013,
author = {Norris, J. R. and Norris, J. R.},
doi = {10.1017/cbo9780511810633.005},
file = {:C$\backslash$:/Users/gizem/Documents/Mendeley Desktop/07.0{\_}pp{\_}108{\_}127{\_}Continuous-time{\_}Markov{\_}chains{\_}II.pdf:pdf},
isbn = {9780511810633},
journal = {Markov Chains},
pages = {108--127},
title = {{07-Continuous-time Markov chains II}},
year = {2013}
}
